<record><leader>00000cas a22000007a 4500</leader><controlfield tag="001">25003488</controlfield><controlfield tag="008">911220d18881892ncuwr ne      0    0eng d</controlfield><datafield ind1=" " ind2=" " tag="010"><subfield code="a">sn 91068774 </subfield></datafield><datafield ind1=" " ind2=" " tag="040"><subfield code="a">NVJ</subfield><subfield code="b">eng</subfield><subfield code="c">NVJ</subfield><subfield code="d">OCLCQ</subfield></datafield><datafield ind1=" " ind2=" " tag="042"><subfield code="a">msc</subfield></datafield><datafield ind1="0" ind2="0" tag="245"><subfield code="a">Jonesboro leader.</subfield></datafield><datafield ind1=" " ind2=" " tag="260"><subfield code="a">Jonesboro, N.C. :</subfield><subfield code="b">Baker &amp; Goodridge</subfield></datafield><datafield ind1=" " ind2=" " tag="300"><subfield code="a">v.</subfield></datafield><datafield ind1=" " ind2=" " tag="310"><subfield code="a">Weekly</subfield></datafield><datafield ind1="0" ind2=" " tag="362"><subfield code="a">Vol. 1, no. 1 (Feb. 29, 1888)-v. 4, no. 47 (Mar. 23, 1892).</subfield></datafield><datafield ind1=" " ind2=" " tag="752"><subfield code="a">United States</subfield><subfield code="b">North Carolina</subfield><subfield code="c">Lee</subfield><subfield code="d">Jonesboro.</subfield></datafield><datafield ind1=" " ind2=" " tag="752"><subfield code="a">United States</subfield><subfield code="b">North Carolina</subfield><subfield code="c">Moore</subfield><subfield code="d">Jonesboro.</subfield></datafield><datafield ind1="0" ind2="5" tag="780"><subfield code="t">Pine knot (Southern Pines, N.C.)</subfield><subfield code="w">(DLC)sn 91068773</subfield></datafield><datafield ind1="0" ind2="0" tag="785"><subfield code="t">Siler city leader</subfield><subfield code="w">(DLC)sn 91068775</subfield></datafield></record>